<?xml version="1.0" encoding="UTF-8"?><collection xmlns="http://www.loc.gov/MARC21/slim"><record><leader>00378nam--2200121-i-4500</leader><controlfield tag="001">000048872</controlfield><controlfield tag="002">20161230</controlfield><controlfield tag="005">20161230201047</controlfield><controlfield tag="008">060222s1000------------r-----000-0-eng-d</controlfield><datafield ind1=" " ind2=" " tag="080"><subfield code="a">66.086</subfield></datafield><datafield ind1=" " ind2=" " tag="245"><subfield code="a">Adcorbenty ih poluchenie, svoistva i primenenie. trudy y vsecoiuznogo soveshitaniia po adsorbenty. moskva, 9-11 marta 1983</subfield></datafield><datafield ind1=" " ind2=" " tag="260"><subfield code="a">Leningra, Hauka, 1985. 158 C</subfield></datafield><datafield ind1=" " ind2=" " tag="852"><subfield code="a">73414</subfield></datafield></record></collection>